<record><leader>00000cas a22000007a 4500</leader><controlfield tag="001">12487014</controlfield><controlfield tag="008">850904d18891891utucr ne      0    0eng d</controlfield><datafield ind1=" " ind2=" " tag="010"><subfield code="a">sn 85058239 </subfield></datafield><datafield ind1=" " ind2=" " tag="040"><subfield code="a">UNP</subfield><subfield code="b">eng</subfield><subfield code="c">UNP</subfield><subfield code="d">NJW</subfield><subfield code="d">OCLCQ</subfield></datafield><datafield ind1=" " ind2=" " tag="042"><subfield code="a">msc</subfield></datafield><datafield ind1="0" ind2="4" tag="245"><subfield code="a">The Logan journal.</subfield></datafield><datafield ind1="1" ind2="7" tag="246"><subfield code="a">Daily journal</subfield></datafield><datafield ind1=" " ind2=" " tag="260"><subfield code="a">Logan City, Utah :</subfield><subfield code="b">Utah Journal Co.,</subfield><subfield code="c">1889-1891.</subfield></datafield><datafield ind1=" " ind2=" " tag="300"><subfield code="a">v. :</subfield><subfield code="b">ill. (chiefly advertisements)</subfield></datafield><datafield ind1=" " ind2=" " tag="310"><subfield code="a">Semiweekly,</subfield><subfield code="b">Aug. 4, 1891-</subfield></datafield><datafield ind1=" " ind2=" " tag="321"><subfield code="a">Semiweekly,</subfield><subfield code="b">Dec. 25, 1889-July 22, 1891</subfield></datafield><datafield ind1=" " ind2=" " tag="321"><subfield code="a">Daily (except Sun.),</subfield><subfield code="b">July 23-Aug. 1, 1891</subfield></datafield><datafield ind1="0" ind2=" " tag="362"><subfield code="a">Vol. 8, no. 42 (Dec. 25, 1889)-v. 10, no. 42 (1891).</subfield></datafield><datafield ind1=" " ind2=" " tag="752"><subfield code="a">United States</subfield><subfield code="b">Utah</subfield><subfield code="c">Cache</subfield><subfield code="d">Logan.</subfield></datafield><datafield ind1="0" ind2="0" tag="780"><subfield code="t">Utah journal</subfield><subfield code="w">(DLC)sn 85058238</subfield><subfield code="w">(OCoLC)12487003</subfield></datafield><datafield ind1="0" ind2="0" tag="785"><subfield code="t">Journal (Logan, Utah)</subfield><subfield code="w">(DLC)sn 85058242</subfield><subfield code="w">(OCoLC)12546181</subfield></datafield></record>